% -------------------------------------- bibtex entry for the effect of haptic feedback in the balance task of bicycling--------------------------------------------------

@article{kooijman2011bicycle,
  title={A bicycle can be self-stable without gyroscopic or caster effects},
  author={Kooijman, JDG and Meijaard, Jacob Philippus and Papadopoulos, Jim M and Ruina, Andy and Schwab, AL},
  journal={Science},
  volume={332},
  number={6027},
  pages={339--342},
  year={2011},
  publisher={American Association for the Advancement of Science}
}

@article{hayama2010resistance,
  title={Resistance torque control for steer-by-wire system to improve human--machine interface},
  author={Hayama, Ryouhei and Kawahara, Sadahiro and Nakano, Shirou and Kumamoto, Hiromitsu},
  journal={Vehicle system dynamics},
  volume={48},
  number={9},
  pages={1065--1075},
  year={2010},
  publisher={Taylor \& Francis} 
}

@article{crespo2008haptic,
  title={Haptic guidance can enhance motor learning of a steering task},
  author={Crespo, Laura Marchal and Reinkensmeyer, David J},
  journal={Journal of motor behavior},
  volume={40},
  number={6},
  pages={545--557},
  year={2008},
  publisher={Taylor \& Francis}
}

@article{marumo2007steering,
  title={Steering control of motorcycles using steer-by-wire system},
  author={Marumo, Y and Nagai, M},
  journal={Vehicle System Dynamics},
  volume={45},
  number={5},
  pages={445--458},
  year={2007},
  publisher={Taylor \& Francis}
}

@article{marumo2011control,
  title={Control effects of steer-by-wire system for motorcycles on lane-keeping performance},
  author={Marumo, Yoshitaka and Katagiri, Nozomi},
  journal={Vehicle System Dynamics},
  volume={49},
  number={8},
  pages={1283--1298},
  year={2011},
  publisher={Taylor \& Francis}
}



@article{sanjurjo2019roll,
  title={Roll angle estimator based on angular rate measurements for bicycles},
  author={Sanjurjo, Emilio and Naya, Miguel A and Cuadrado, Javier and Schwab, Arend L},
  journal={Vehicle System Dynamics},
  volume={57},
  number={11},
  pages={1705--1719},
  year={2019},
  publisher={Taylor \& Francis}
}


@article{walpole2012weight,
  title={The weight of nations: an estimation of adult human biomass},
  author={Walpole, Sarah Catherine and Prieto-Merino, David and Edwards, Phil and Cleland, John and Stevens, Gretchen and Roberts, Ian},
  journal={BMC public health},
  volume={12},
  number={1},
  pages={439},
  year={2012},
  publisher={BioMed Central}
}

@article{moore2011rider,
  title={Rider motion identification during normal bicycling by means of principal component analysis},
  author={Moore, Jason K and Kooijman, JDG and Schwab, AL and Hubbard, Mont},
  journal={Multibody System Dynamics},
  volume={25},
  number={2},
  pages={225--244},
  year={2011},
  publisher={Springer}
}

@inproceedings{Dialynas2018,
title={Design and implementation of a steer-by-wire bicycle},
author={Georgios Dialynas and Riender Happee and AL Schwab},
booktitle = {Proceedings of the 7th Annual International Cycling Safety Conference},
  year={2018},
  url = {https://www.researchgate.net/publication/328808185}
}





