% This file was created with JabRef 2.3.1.
% Encoding: ISO8859_1

% -------------------------------------- bibtex entry for the effect of haptic feedback in the balance task of bicycling--------------------------------------------------

@article{kooijman2011bicycle,
  title={A bicycle can be self-stable without gyroscopic or caster effects},
  author={Kooijman, JDG and Meijaard, Jacob Philippus and Papadopoulos, Jim M and Ruina, Andy and Schwab, AL},
  journal={Science},
  volume={332},
  number={6027},
  pages={339--342},
  year={2011},
  publisher={American Association for the Advancement of Science}
}

@article{hayama2010resistance,
  title={Resistance torque control for steer-by-wire system to improve human--machine interface},
  author={Hayama, Ryouhei and Kawahara, Sadahiro and Nakano, Shirou and Kumamoto, Hiromitsu},
  journal={Vehicle system dynamics},
  volume={48},
  number={9},
  pages={1065--1075},
  year={2010},
  publisher={Taylor \& Francis} 
}
@techreport{roland1971massing,
  title={Massing. A digital computer simulation of bicycle dynamics},
  author={Roland Jr, R Douglas and Daniel, E},
  year={1971},
  institution={Calspan Report YA-3063-K-1, Cornell Aeronautical Laboratory, Inc., Buffalo~…}
}
@book{rice1970evaluation,
  title={An evaluation of the performance and handling qualities of bicycles},
  author={Rice, Roy S and Roland, R Douglas},
  year={1970},
  publisher={Cornell Aeronautical Laboratory}
}
@article{crespo2008haptic,
  title={Haptic guidance can enhance motor learning of a steering task},
  author={Crespo, Laura Marchal and Reinkensmeyer, David J},
  journal={Journal of motor behavior},
  volume={40},
  number={6},
  pages={545--557},
  year={2008},
  publisher={Taylor \& Francis}
}

@article{marumo2007steering,
  title={Steering control of motorcycles using steer-by-wire system},
  author={Marumo, Y and Nagai, M},
  journal={Vehicle System Dynamics},
  volume={45},
  number={5},
  pages={445--458},
  year={2007},
  publisher={Taylor \& Francis}
}

@article{marumo2011control,
  title={Control effects of steer-by-wire system for motorcycles on lane-keeping performance},
  author={Marumo, Yoshitaka and Katagiri, Nozomi},
  journal={Vehicle System Dynamics},
  volume={49},
  number={8},
  pages={1283--1298},
  year={2011},
  publisher={Taylor \& Francis}
}



@article{sanjurjo2019roll,
  title={Roll angle estimator based on angular rate measurements for bicycles},
  author={Sanjurjo, Emilio and Naya, Miguel A and Cuadrado, Javier and Schwab, Arend L},
  journal={Vehicle System Dynamics},
  volume={57},
  number={11},
  pages={1705--1719},
  year={2019},
  publisher={Taylor \& Francis}
}


@article{walpole2012weight,
  title={The weight of nations: an estimation of adult human biomass},
  author={Walpole, Sarah Catherine and Prieto-Merino, David and Edwards, Phil and Cleland, John and Stevens, Gretchen and Roberts, Ian},
  journal={BMC public health},
  volume={12},
  number={1},
  pages={439},
  year={2012},
  publisher={BioMed Central}
}

@article{moore2011rider,
  title={Rider motion identification during normal bicycling by means of principal component analysis},
  author={Moore, Jason K and Kooijman, JDG and Schwab, AL and Hubbard, Mont},
  journal={Multibody System Dynamics},
  volume={25},
  number={2},
  pages={225--244},
  year={2011},
  publisher={Springer}
}

@inproceedings{dialynas2018wire,
title={Design and implementation of a steer-by-wire bicycle},
author={Georgios Dialynas and Riender Happee and AL Schwab},
booktitle = {Proceedings of the 7th Annual International Cycling Safety Conference},
  year={2018},
  url = {https://www.researchgate.net/publication/328808185}
}

@article{kawakami2002visual,
  title={Visual detection of motion speed in humans: spatiotemporal analysis by fMRI and MEG},
  author={Kawakami, Osamu and Kaneoke, Yoshiki and Maruyama, Koichi and Kakigi, Ryusuke and Okada, Tomohisa and Sadato, Norihiro and Yonekura, Yoshiharu},
  journal={Human brain mapping},
  volume={16},
  number={2},
  pages={104--118},
  year={2002},
  publisher={Wiley Online Library}
}
@article{eu2018cycle,
title={Traffic Safety Basic Facts on Cyclists},
author={European Commission},
volume={European Commission},
journal={Directorate General for Transport},
year={2018}
}
@article{schouten2008nmclab,
  title={NMClab, a model to assess the contributions of muscle visco-elasticity and afferent feedback to joint dynamics},
  author={Schouten, Alfred C and Mugge, Winfred and van der Helm, Frans CT},
  journal={Journal of biomechanics},
  volume={41},
  number={8},
  pages={1659--1667},
  year={2008},
  publisher={Elsevier}
}
@article{smith1957closed,
  title={Closed Control of Loops with Dead Time},
  author={Smith, OJM},
  pages={217–219},
  volume={53},
  journal={Chemical Engineering Progress},
  year={1957}
}

@article{schwab2012lateral,
  title={Lateral dynamics of a bicycle with a passive rider model: stability and controllability},
  author={Schwab, AL and Meijaard, JP and Kooijman, JDG},
  journal={Vehicle system dynamics},
  volume={50},
  number={8},
  pages={1209--1224},
  year={2012},
  publisher={Taylor \& Francis}
}
@article{kooijman2013review,
    title={A review on bicycle and motorcycle rider control with a perspective on handling qualities},
    author={Kooijman, JDG and Schwab, AL},
    journal={Vehicle system dynamics},
    volume={51},
    number={11},
    pages={1722--1764},
    year={2013},
    publisher={Taylor \& Francis}
}

@misc{krul_nijman_stam_2016, title={Verkeersongevallen 2016}, url={https://www.veiligheid.nl/organisatie/over-veiligheidnl/publicaties}, journal={Tech. Rep.}, publisher={VeiligheidNL}, author={Krul, I. and Nijman, S. and Stam, C.}, year={2016}}


@phdthesis{eaton1975man,
    title={Man-Machine Dynamics in the Stabilization of Single-Track Vehicles," Univ. of Michigan},
    author={Eaton, DJ},
    year={1975},
    school={Ph. D. Thesis}
}
@article{sanjurjo2018roll,
  title={Roll angle estimator based on angular rate measurements for bicycles},
  author={Sanjurjo, Emilio and Naya, Miguel A and Cuadrado, Javier and Schwab, Arend L},
  journal={Vehicle System Dynamics},
  pages={1--15},
  year={2018},
  publisher={Taylor \& Francis}
}
@article{sharp1985lateral,
    title={The lateral dynamics of motorcycles and bicycles},
    author={Sharp, RS},
    journal={Vehicle System Dynamics},
    volume={14},
    number={4-6},
    pages={265--283},
    year={1985},
    publisher={Taylor \& Francis}
}

@inproceedings{schwab2010controllability,
    title={Controllability of a bicycle},
    author={Schwab, AL and Kooijman, JDG},
    booktitle={5th Asian Conference on Multibody Dynamics},
    volume={6},
    year={2010},
    organization={Citeseer}
}

@article{popov2010review,
    title={A review on motorcycle and rider modelling for steering control},
    author={Popov, AA and Rowell, S and Meijaard, Jacob Philippus},
    journal={Vehicle System Dynamics},
    volume={48},
    number={6},
    pages={775--792},
    year={2010},
    publisher={Taylor \& Francis}
}

@article{meijaard2007linearized,
    title={Linearized dynamics equations for the balance and steer of a bicycle: a benchmark and review},
    author={Meijaard, Jaap P and Papadopoulos, Jim M and Ruina, Andy and Schwab, Arend L},
    journal={Proceedings of the Royal society A: mathematical, physical and engineering sciences},
    volume={463},
    number={2084},
    pages={1955--1982},
    year={2007},
    publisher={The Royal Society London}
}

@article{dialynas2019,
    title={The response of the bicycle rider’s body to vertical fore-and-aft and lateral perturbations; experimental tests},
    author={Georgios Dialynas, J. W. de Haan},
    journal={Journal of Mechanical Engineering},
    volume={463},
    number={2084},
    pages={1955--1982},
    year={2007},
    publisher={The Royal Society London}
}

@article{whipple1899stability,
    title={The stability of the motion of a bicycle},
    author={Whipple, Francis JW},
    journal={Quarterly Journal of Pure and Applied Mathematics},
    volume={30},
    number={120},
    pages={312--348},
    year={1899}
}

@article{aoki1999effectiveness,
    title={Effectiveness of the basic model for motorcycle dynamics},
    author={Aoki, A},
    journal={Trans. JSME, Series C},
    volume={65},
    number={636},
    pages={110--116},
    year={1999}
}


@article{astrom2005bicycle,
    title={Bicycle dynamics and control: adapted bicycles for education and research},
    author={Astrom, Karl J and Klein, Richard E and Lennartsson, Anders},
    journal={IEEE Control Systems Magazine},
    volume={25},
    number={4},
    pages={26--47},
    year={2005},
    publisher={IEEE}
}


@article{seffen1999bicycle,
    title={Bicycle-rider dynamics: equations of motion and controllability},
    author={Seffen, KA},
    year={1999},
    publisher={Cambridge University Department of Engineering}
}


@article{guo1993modelling,
    title={Modelling of driver/vehicle directional control system},
    author={Guo, Konghui and Guan, Hsin},
    journal={Vehicle System Dynamics},
    volume={22},
    number={3-4},
    pages={141--184},
    year={1993},
    publisher={Taylor \& Francis}
}

@article{plochl2007driver,
    title={Driver models in automobile dynamics application},
    author={Pl{\"o}chl, Manfred and Edelmann, Johannes},
    journal={Vehicle System Dynamics},
    volume={45},
    number={7-8},
    pages={699--741},
    year={2007},
    publisher={Taylor \& Francis}
}


@incollection{baron1984adaptive,
    title={Adaptive behavior in manual control and the optimal control model},
    author={Baron, Sheldon},
    booktitle={Adaptive control of ill-defined systems},
    pages={51--73},
    year={1984},
    publisher={Springer}
}

@article{happee2008posture,
  title={Posture maintenance of the human upper extremity; identification of intrinsic and reflex based contributions},
  author={Happee, Riender and De Vlugt, Erwin and Schouten, Alfred C},
  journal={SAE International Journal of Passenger Cars-Mechanical Systems},
  volume={1},
  number={2008-01-1888},
  pages={1125--1135},
  year={2008}
}
@article{dialynaseffect,
  title={The effect of haptic feedback in the balance task of bicycling},
  author={Dialynas, Georgios and Christoforidis, Christos and Happee, Riender and Schwab, AL},
  journal={ Symposium on the Dynamics and Control of Single Track Vehicles}
}
@article{miall1993cerebellum,
  title={Is the cerebellum a smith predictor?},
  author={Miall, RC and Weir, D Jo and Wolpert, Daniel M and Stein, JF},
  journal={Journal of motor behavior},
  volume={25},
  number={3},
  pages={203--216},
  year={1993},
  publisher={Taylor \& Francis}
}
@article{van2001adaptive,
  title={An adaptive model of sensory integration in a dynamic environment applied to human stance control},
  author={van der Kooij, Herman and Jacobs, Ron and Koopman, Bart and van der Helm, Frans},
  journal={Biological cybernetics},
  volume={84},
  number={2},
  pages={103--115},
  year={2001},
  publisher={Springer}
}
@article{barnett2013vestibular,
  title={Vestibular perception is slow: a review},
  author={Barnett-Cowan, Michael},
  journal={Multisensory research},
  volume={26},
  number={4},
  pages={387--403},
  year={2013},
  publisher={Brill}
}
@article{de2002adaptation,
  title={Adaptation of reflexive feedback during arm posture to different environments},
  author={De Vlugt, Erwin and Schouten, Alfred C and Van Der Helm, Frans CT},
  journal={Biological cybernetics},
  volume={87},
  number={1},
  pages={10--26},
  year={2002},
  publisher={Springer}
}
@article{van2002identification,
  title={Identification of intrinsic and reflexive components of human arm dynamics during postural control},
  author={Van der Helm, Frans CT and Schouten, Alfred C and de Vlugt, Erwin and Brouwn, Guido G},
  journal={Journal of neuroscience methods},
  volume={119},
  number={1},
  pages={1--14},
  year={2002},
  publisher={Elsevier}
}
@article{mcruer1967manual,
    title={Manual control of single-loop systems: Part I},
    author={McRuer, Duane T and Graham, Dunstan and Krendel, Ezra S},
    journal={Journal of the Franklin Institute},
    volume={283},
    number={1},
    pages={1--29},
    year={1967},
    publisher={Elsevier}
}
@article{whipple1899stability,
  title={The stability of the motion of a bicycle},
  author={Whipple, Francis JohnWelsh},
  journal={Quarterly Journal of Pure and Applied Mathematics},
  volume={30},
  number={120},
  pages={312--348},
  year={1899}
}

@article{mcruer1967manual2,
    title={Manual control of single-loop systems: Part II},
    author={McRuer, Duane T and Graham, Dunstan and Krendel, Ezra S},
    journal={Journal of the Franklin Institute},
    volume={283},
    number={2},
    pages={145--168},
    year={1967},
    publisher={Elsevier}
}

@article{mcruer1959human,
    title={The human operator as a servo system element},
    author={McRuer, Duane T and Krendel, Ezra S},
    journal={Journal of the Franklin Institute},
    volume={267},
    number={5},
    pages={381--403},
    year={1959},
    publisher={Elsevier}
}
@phdthesis{doyle1987skill,
  title={The skill of bicycle riding.},
  author={Doyle, Anthony John Redfern},
  year={1987},
  school={University of Sheffield}
}
@article{francis1976internal,
  title={The internal model principle of control theory},
  author={Francis, Bruce A and Wonham, Walter Murray},
  journal={Automatica},
  volume={12},
  number={5},
  pages={457--465},
  year={1976},
  publisher={Elsevier}
}
@article{gillespie2016human,
  title={Human motor control and the internal model principle},
  author={Gillespie, R Brent and Ghasemi, Amir H and Freudenberg, Jim},
  journal={IFAC-PapersOnLine},
  volume={49},
  number={19},
  pages={114--119},
  year={2016},
  publisher={Elsevier}
}
@article{garcia1982internal,
  title={Internal model control. A unifying review and some new results},
  author={Garcia, Carlos E and Morari, Manfred},
  journal={Industrial \& Engineering Chemistry Process Design and Development},
  volume={21},
  number={2},
  pages={308--323},
  year={1982},
  publisher={ACS Publications}
}
@article{hess2012modeling,
    title={Modeling the manually controlled bicycle},
    author={Hess, Ronald and Moore, Jason Keith and Hubbard, Mont},
    journal={IEEE Transactions on Systems, Man, and Cybernetics-Part A: Systems and Humans},
    volume={42},
    number={3},
    pages={545--557},
    year={2012},
    publisher={IEEE}
}
@article{schwab2013,
    title={Rider control identification in bicycling using lateral force perturbation tests},
    volume={227},
    DOI={10.1177/1464419313492317},
    number={4},
    journal={Proceedings of the Institution of Mechanical Engineers, Part K: Journal of Multi-body Dynamics},
    author={Schwab, Al and Lange, Pdl De and Happee, R and Moore, Jason K},
    year={2013},
    pages={390–406}
}
@inproceedings{van1970influence,
    title={On the influence of drugs on the behavior of a bicycle rider},
    author={Van Lunteren, A and Stassen, HG and Schlemper, MSH},
    booktitle={Proceedings of the 6th Annual Conference on Manual Control, Wright Patterson AFB, OH, USA},
    pages={7--9},
    year={1970}
}

@book{roland1971digital,
    title={A digital computer simulation of bicycle dynamics},
    author={Roland, R Douglas and Massing, Daniel E},
    year={1971},
    publisher={Cornell Aeronautical Laboratory}
}

@techreport{roland1972bicycle,
    title={Bicycle dynamics tire characteristics and rider modeling. Cornell Aero. Lab},
    author={Roland, RD and Lynch, JP},
    year={1972},
    institution={Report no. YA-3063-K-2}
}

@inproceedings{roland1973computer,
    title={Computer simulation of bicycle dynamics},
    author={Roland, R Douglas},
    booktitle={Proceedings of the ASME Symposium Mechanics and Sport},
    pages={35--83},
    year={1973}
}

@article{rice1978rider,
    title={Rider skill influences on motorcycle maneuvering},
    author={Rice, Roy S},
    journal={SAE Transactions},
    pages={1419--1430},
    year={1978},
    publisher={JSTOR}
}

@techreport{weir1973manual,
    title={A manual control view of motorcycle handling},
    author={Weir, David H},
    year={1973}
}

@book{eaton1987man,
    title={Man-machine dynamics in the stabilization of single-track vehicles},
    author={Eaton, David Jeffrey},
    year={1987},
    publisher={University Microfilms}
}
@techreport{prem1984rider,
    title={Motorcycle rider skills assessment},
    author={Prem H, Good MC},
    year={1984}
}

@book{moore2012human,
    title={Human control of a bicycle},
    author={Moore, Jason Keith},
    year={2012},
    publisher={University of California, Davis Davis, CA}
}

@article{hess1984effects,
    title={Effects of time delays on systems subject to manual control},
    author={Hess, Ronald A},
    journal={Journal of Guidance, Control, and Dynamics},
    volume={7},
    number={4},
    pages={416--421},
    year={1984}
}
@inproceedings{schwab2008some,
    title={Some recent developments in bicycle dynamics and control},
    author={Schwab, AL and Kooijman, JDG and Meijaard, Jacob Philippus},
    booktitle={4th European Conference on Structural Control, ECSC 2008},
    pages={695--702},
    year={2008},
    organization={Russian Academy of Sciences}
}

@article{hubbard1979lateral,
    title={Lateral dynamics and stability of the skateboard},
    author={Hubbard, Mont},
    journal={Journal of Applied Mechanics},
    volume={46},
    number={4},
    pages={931--936},
    year={1979},
    publisher={American Society of Mechanical Engineers}
}

@article{katayama1988control,
    title={Control behaviour of motorcycle riders},
    author={Katayama, T and Aoki, A and Nishimi, T},
    journal={Vehicle System Dynamics},
    volume={17},
    number={4},
    pages={211--229},
    year={1988},
    publisher={Taylor \& Francis}
}

@article{thommyppillai2009advances,
    title={Advances in the development of a virtual car driver},
    author={Thommyppillai, M and Evangelou, S and Sharp, RS},
    journal={Multibody System Dynamics},
    volume={22},
    number={3},
    pages={245--267},
    year={2009},
    publisher={Springer}
}

@incollection{connors2008modelling,
    title={Modelling and Stability Analysis of a Recumbent Bicycle with Oscillating Leg Masses (P131)},
    author={Connors, Brendan and Hubbard, Mont},
    booktitle={The Engineering of Sport 7},
    pages={677--685},
    year={2008},
    publisher={Springer}
}

@article{sharp2007motorcycle,
    title={Motorcycle steering control by road preview},
    author={Sharp, Robin S},
    journal={Journal of dynamic systems, measurement, and control},
    volume={129},
    number={4},
    pages={373--381},
    year={2007},
    publisher={American Society of Mechanical Engineers}
}

@article{sharp2006optimal,
    title={Optimal linear time-invariant preview steering control for motorcycles},
    author={Sharp, Robin S},
    journal={Vehicle system dynamics},
    volume={44},
    number={sup1},
    pages={329--340},
    year={2006},
    publisher={Taylor \& Francis}
}

@article{sharp2008stability,
    title={On the stability and control of the bicycle},
    author={Sharp, Robin S},
    journal={Applied mechanics reviews},
    volume={61},
    number={6},
    pages={060803},
    year={2008},
    publisher={American Society of Mechanical Engineers}
}

@article{sharp2007optimal,
    title={Optimal stabilization and path-following controls for a bicycle},
    author={Sharp, Robin S},
    journal={Proceedings of the Institution of Mechanical Engineers, Part C: Journal of Mechanical Engineering Science},
    volume={221},
    number={4},
    pages={415--427},
    year={2007},
    publisher={SAGE Publications Sage UK: London, England}
}

@article{massaro2012virtual,
    title={A virtual motorcycle driver to simulate real manoeuvres from experimental data},
    author={Massaro, Matteo and Lot, Roberto and Cossalter, Vittore},
    journal={Proceedings of the Institution of Mechanical Engineers, Part D: Journal of automobile engineering},
    volume={226},
    number={9},
    pages={1211--1219},
    year={2012},
    publisher={Sage Publications Sage UK: London, England}
}

@article{chu2018modelling,
    title={Modelling and model predictive control for a bicycle-rider system},
    author={Chu, TD and Chen, CK},
    journal={Vehicle system dynamics},
    volume={56},
    number={1},
    pages={128--149},
    year={2018},
    publisher={Taylor \& Francis}
}

@article{kamata2003system,
    title={System identification and attitude control of motorcycle by computer-aided dynamics analysis},
    author={Kamata, Yutaka and Nishimura, Hidekazu},
    journal={JSAE review},
    volume={24},
    number={4},
    pages={411--416},
    year={2003},
    publisher={Elsevier}
}

@inproceedings{mammar2005motorcycle,
    title={Motorcycle modelling and roll motion stabilization by rider leaning and steering torque},
    author={Mammar, Sa{\i}d and Espic, S and Honvo, Christophe},
    booktitle={Proceedings of 2005 IEEE Conference on Control Applications, 2005. CCA 2005.},
    pages={1421--1426},
    year={2005},
    organization={IEEE}
}

@book{Pedrycz:1993:FCF:152646,
    author = {Pedrycz, Witold},
    title = {Fuzzy Control and Fuzzy Systems (2Nd, Extended Ed.)},
    year = {1993},
    isbn = {0-86380-131-5},
    publisher = {Research Studies Press Ltd.},
    address = {Taunton, UK, UK},
}
@inproceedings{chen2005dynamics,
    title={Dynamics and path-tracking control of an unmanned bicycle},
    author={Chen, Chih-Keng and Dao, Thanh-Son},
    booktitle={ASME 2005 international design engineering technical conferences and computers and information in engineering conference},
    pages={2245--2254},
    year={2005},
    organization={American Society of Mechanical Engineers}
}
@article{chen2006fuzzy,
    title={Fuzzy control for equilibrium and roll-angle tracking of an unmanned bicycle},
    author={Chen, Chih-Keng and Dao, Thanh-Son},
    journal={Multibody system dynamics},
    volume={15},
    number={4},
    pages={321--346},
    year={2006},
    publisher={Springer}
}
@article{chen2007genetic,
    title={Genetic fuzzy control for path-tracking of an autonomous robotic bicycle},
    author={Chen, Chih-Keng and Dao, Thanh-Son},
    journal={Journal of system design and dynamics},
    volume={1},
    number={3},
    pages={536--547},
    year={2007},
    publisher={The Japan Society of Mechanical Engineers}
}

@article{sergey2004model,
    title={A Model for Motorcycle Rider Operation Based on Genetic Algorithms},
    author={Sergey, Shigeru Fujii Sergey A Panfilov and Ulyanov, V},
    year={2004}
}
@inproceedings{getz1995internal,
    title={Internal equilibrium control of a bicycle},
    author={Getz, Neil H},
    booktitle={Proceedings of 1995 34th IEEE Conference on Decision and Control},
    volume={4},
    pages={4285--4287},
    year={1995},
    organization={IEEE}
}

@article{getz_marsden,
    title={Control for an autonomous bicycle},
    DOI={10.1109/robot.1995.525473},
    journal={Proceedings of 1995 IEEE International Conference on Robotics and Automation},
    author={Getz, N.h. and Marsden, J.e.}
}

@article{edelmann2015,
    title={Bicycle Rider Control Modelling for Path Tracking},
    volume={48}, DOI={10.1016/j.ifacol.2015.05.070},
    number={1}, journal={IFAC-PapersOnLine},
    author={Edelmann, Johannes and Haudum, Martin and Plöchl, Manfred},
    year={2015},
    pages={55–60}
}
@article{gawthrop2014intermittent,
    title={Intermittent control models of human standing: similarities and differences},
    author={Gawthrop, Peter and Loram, Ian and Gollee, Henrik and Lakie, Martin},
    journal={Biological cybernetics},
    volume={108},
    number={2},
    pages={159--168},
    year={2014},
    publisher={Springer}
}
@article{kleinman1970optimal,
    title={An optimal control model of human response part I: Theory and validation},
    author={Kleinman, David L and Baron, S and Levison, WH},
    journal={Automatica},
    volume={6},
    number={3},
    pages={357--369},
    year={1970},
    publisher={Elsevier}
}

@article{doyle1988,
    title={The essential human contribution to bicycle riding.},
    author={Doyle, A. J. R.},
    journal={Training, human decision making, and control},
    pages={351-370},
    year={1988},
}

@book{Passino:1997:FC:550057,
    author = {Passino, Kevin M. and Yurkovich, Stephen},
    title = {Fuzzy Control},
    year = {1997},
    isbn = {020118074X},
    edition = {1st},
    publisher = {Addison-Wesley Longman Publishing Co., Inc.},
    address = {Boston, MA, USA},
}
@article{wolpert2007probabilistic,
    title={Probabilistic models in human sensorimotor control},
    author={Wolpert, Daniel M},
    journal={Human movement science},
    volume={26},
    number={4},
    pages={511--524},
    year={2007},
    publisher={Elsevier}
}

@article{wolpert1995internal,
    title={An internal model for sensorimotor integration},
    author={Wolpert, Daniel M and Ghahramani, Zoubin and Jordan, Michael I},
    journal={Science},
    volume={269},
    number={5232},
    pages={1880--1882},
    year={1995},
    publisher={American Association for the Advancement of Science}
}

@article{sharp1971stability,
    title={The stability and control of motorcycles},
    author={Sharp, Robin S},
    journal={Journal of mechanical engineering science},
    volume={13},
    number={5},
    pages={316--329},
    year={1971},
    publisher={SAGE Publications Sage UK: London, England}
}